<record><leader>00000cas a22000007a 4500</leader><controlfield tag="001">28934836</controlfield><controlfield tag="008">931004d19801981scuwr ne      0    0eng d</controlfield><datafield ind1=" " ind2=" " tag="010"><subfield code="a">sn 93067952 </subfield></datafield><datafield ind1=" " ind2=" " tag="040"><subfield code="a">SVN</subfield><subfield code="b">eng</subfield><subfield code="c">SVN</subfield><subfield code="d">OCLCQ</subfield></datafield><datafield ind1=" " ind2=" " tag="042"><subfield code="a">msc</subfield></datafield><datafield ind1="0" ind2=" " tag="130"><subfield code="a">Pageland journal (Pageland, S.C. : 1980)</subfield></datafield><datafield ind1="1" ind2="4" tag="245"><subfield code="a">The Pageland journal.</subfield></datafield><datafield ind1=" " ind2=" " tag="260"><subfield code="a">Pageland, S.C. :</subfield><subfield code="b">Banner Pub. Co.</subfield></datafield><datafield ind1=" " ind2=" " tag="300"><subfield code="a">v.</subfield></datafield><datafield ind1=" " ind2=" " tag="310"><subfield code="a">Weekly</subfield></datafield><datafield ind1="0" ind2=" " tag="362"><subfield code="a">Oct. 8, 1980 - June 23, 1981.</subfield></datafield><datafield ind1=" " ind2="4" tag="651"><subfield code="a">Chesterfield County (S.C.)</subfield><subfield code="v">Newspapers.</subfield></datafield><datafield ind1=" " ind2=" " tag="752"><subfield code="a">United States</subfield><subfield code="b">South Carolina</subfield><subfield code="c">Chesterfield</subfield><subfield code="d">Chesterfield.</subfield></datafield><datafield ind1="0" ind2="1" tag="780"><subfield code="t">Chesterfield advertiser-journal</subfield><subfield code="w">(DLC)sn 93067964</subfield></datafield><datafield ind1="0" ind2="7" tag="785"><subfield code="t">Pageland progressive</subfield><subfield code="w">(DLC)sn 93067965</subfield></datafield><datafield ind1="0" ind2="7" tag="785"><subfield code="t">Pageland progressive-journal</subfield><subfield code="w">(DLC)sn 92004933</subfield></datafield><datafield ind1="1" ind2=" " tag="029"><subfield code="a">AU@</subfield><subfield code="b">000025896801</subfield></datafield></record>